<record><leader>00000cas a22000007a 4500</leader><controlfield tag="001">25107331</controlfield><controlfield tag="008">920114d18961929ncuwr ne      0    0eng d</controlfield><datafield ind1=" " ind2=" " tag="010"><subfield code="a">sn 92073908 </subfield></datafield><datafield ind1=" " ind2=" " tag="040"><subfield code="a">NVJ</subfield><subfield code="b">eng</subfield><subfield code="c">NVJ</subfield><subfield code="d">OCLCQ</subfield></datafield><datafield ind1=" " ind2=" " tag="042"><subfield code="a">msc</subfield></datafield><datafield ind1="0" ind2=" " tag="130"><subfield code="a">Commonwealth (Scotland Neck, N.C. : 1896)</subfield></datafield><datafield ind1="1" ind2="4" tag="245"><subfield code="a">The commonwealth.</subfield></datafield><datafield ind1="1" ind2="7" tag="246"><subfield code="a">Daily commonwealth</subfield><subfield code="f">&lt;Aug. 6, 1920&gt;-&lt;Jan. 16, 1923&gt;</subfield></datafield><datafield ind1=" " ind2=" " tag="260"><subfield code="a">Scotland Neck, N.C. :</subfield><subfield code="b">E.E. Hilliard</subfield></datafield><datafield ind1=" " ind2=" " tag="300"><subfield code="a">v.</subfield></datafield><datafield ind1=" " ind2=" " tag="310"><subfield code="a">Weekly,</subfield><subfield code="b">Jan. 31, 1929-Feb. 7, 1929</subfield></datafield><datafield ind1=" " ind2=" " tag="321"><subfield code="a">Weekly (except at Christmas),</subfield><subfield code="b">June 18, 1896-Mar. 16, 1916</subfield></datafield><datafield ind1=" " ind2=" " tag="321"><subfield code="a">Semiweekly (except at Christmas),</subfield><subfield code="b">Mar. 24, 1916-&lt;Apr. 17, 1917&gt;</subfield></datafield><datafield ind1=" " ind2=" " tag="321"><subfield code="a">Daily (except Sundays and at Christmas),</subfield><subfield code="b">&lt;Apr. 20, 1917&gt;-Jan. 12, 1929</subfield></datafield><datafield ind1="0" ind2=" " tag="362"><subfield code="a">Vol. 12, no. 27, new ser. v. 1, (June 18, 1896)-v. 30, no. 30 (Feb. 7, 1929).</subfield></datafield><datafield ind1=" " ind2=" " tag="500"><subfield code="a">The Scotland Neck news revived the Commonwealth title when it changed its name to the Scotland Neck News and the commonwealth on May 3, 1929.</subfield></datafield><datafield ind1=" " ind2=" " tag="515"><subfield code="a">Suspended with Jan. 12, 1929 issue; resumed with Jan. 31, 1929 issue.</subfield></datafield><datafield ind1=" " ind2=" " tag="515"><subfield code="a">Numbering is erratic.</subfield></datafield><datafield ind1=" " ind2=" " tag="752"><subfield code="a">United States</subfield><subfield code="b">North Carolina</subfield><subfield code="c">Halifax</subfield><subfield code="d">Scotland Neck.</subfield></datafield><datafield ind1="0" ind2="0" tag="780"><subfield code="t">Democrat (Scotland Neck, N.C.)</subfield><subfield code="w">(DLC)sn 92073907</subfield></datafield><datafield ind1="0" ind2="1" tag="785"><subfield code="t">Scotland Neck news and the commonwealth</subfield><subfield code="w">(DLC)sn 92073909</subfield></datafield></record>